

@misc{Stam99stablefluids,
    author = {Jos Stam},
    title = {{Stable Fluids}},
    year = {1999},
}

@misc{Stam03realtimefluid,
    author = {Jos Stam},
    title = {{Real-Time Fluid Dynamics for Games}},
    year = {2003}
}



@inproceedings{Bridson2006FluidSimCourseNotes,
 author = {Bridson, Robert and Fedkiw, Ronald and Muller-Fischer, Matthias},
 title = {Fluid simulation: SIGGRAPH 2006 course notes},
 booktitle = {SIGGRAPH 2006 Courses},
 year = {2006},
 isbn = {1-59593-364-6},
 location = {Boston, Massachusetts},
 pages = {1--87},
 numpages = {87}
}
@inproceedings{Bridson2007FluidSimCourseNotes,
 author = {Bridson, Robert and M\"{u}ller-Fischer, Matthias},
 title = {Fluid simulation: SIGGRAPH 2007 course notes},
 booktitle = {ACM SIGGRAPH 2007 courses},
 series = {SIGGRAPH '07},
 year = {2007},
 location = {San Diego, California},
 pages = {1--81},
 numpages = {81}
} 



@inproceedings{Muller2003,
 author = {M\"{u}ller, Matthias and Charypar, David and Gross, Markus},
 title = {{Particle-Based Fluid Simulation for Interactive Applications}},
 booktitle = {Proceedings of the 2003 ACM SIGGRAPH/Eurographics symposium on Computer animation},
 series = {SCA '03},
 year = {2003},
 isbn = {1-58113-659-5},
 location = {San Diego, California},
 pages = {154--159},
 numpages = {6},
 publisher = {Eurographics Association}
} 

@inproceedings{Goswami2010,
 author = {Goswami, Prashant and Schlegel, Philipp and Solenthaler, Barbara and Pajarola, Renato},
 title = {{Interactive SPH simulation and rendering on the GPU}},
 booktitle = {Proceedings of the 2010 ACM SIGGRAPH/Eurographics Symposium on Computer Animation},
 series = {SCA '10},
 year = {2010},
 location = {Madrid, Spain},
 pages = {55--64},
 numpages = {10},
 publisher = {Eurographics Association}
} 


@inproceedings{Green2009FluidRenderingCurvatureFlow,
  author = {Wladimir J. van der Laan and Simon Green and Miguel Sainz},
  booktitle = {SI3D},
  editor = {Eric Haines and Morgan McGuire and Daniel G. Aliaga and Manuel M. Oliveira and Stephen N. Spencer},
  pages = {91-98},
  publisher = {ACM},
  title = {{Screen Space Fluid Rendering with Curvature Flow}},
  year = {2009},
  isbn = {978-1-60558-429-4},
  biburl = {http://www.bibsonomy.org/bibtex/20d803d6842bb14b4a0c86e111a3351c5/dblp},
}



@mastersthesis{Peschel2009,
  author =   {Franz Peschel},
  title =    {Simulation und {V}isualisierung von {F}luiden in einer {E}chtzeitanwendung mit {H}ilfe der {GPU}},
  school =   {Universität Koblenz-Landau},
  month =    {apr},
  year =     {2009},
  type =     {Studienarbeit},
  language = {de},
}

@mastersthesis{Steil2007,
  author =   {Thomas Steil},
  title =    {{Efficient Methods for Computational Fluid Dynamics and Interactions}},
  school =   {Universität Koblenz-Landau},
  month =    {dec},
  year =     {2007},
  type =     {Diplomarbeit},
  language = {eng},
}


@book{Eberly2004,
   author={David H. Eberly},
   title={{Game Physics}},
   publisher={Morgan Kaufman},
   series={Interactive 3D Technology},
   year={2004}
}



@incollection{Grand2008,
    author = {Le Grand, Scott},
    booktitle = {GPU Gems 3},
    chapter = {32},
    editor = {Nguyen, Hubert},
    publisher = {Addison-Wesley Professional},
    title = {{Broad-Phase Collision Detection with CUDA}},
    url = {\url{http://http.developer.nvidia.com/GPUGems3/gpugems3\_ch32.html}},
    year = {2008}
}
    %pages = {697--721},


@incollection{Harris2007,
    author = {Harris, Mark and Sengupta, Shubhabrata and Owens, John D.},
    booktitle = {GPU Gems 3},
    chapter = {39},
    editor = {Nguyen, Hubert},
    publisher = {Addison-Wesley Professional},
    title = {{Parallel Prefix Sum (Scan) with CUDA}},
    url = {\url{http://http.developer.nvidia.com/GPUGems3/gpugems3\_ch39.html}},
    year = {2007}
}


@incollection{CraneLlamas2007,
    author = {Crane, Keenan and Llamas, Ignacio and Tariq, Sarah},
    booktitle = {GPU Gems 3},
    chapter = {30},
    editor = {Nguyen, Hubert},
    publisher = {Addison Wesley Professional},
    title = {{Real-Time Simulation and Rendering of 3D Fluids}},
    url = {\url{http://http.developer.nvidia.com/GPUGems3/gpugems3\_ch30.html}},
    year = {2007}
}


@incollection{Harada2007,
    author = {Harada, Takahiro},
    booktitle = {GPU Gems 3},
    chapter = {29},
    editor = {Nguyen, Hubert},
    publisher = {Addison Wesley Professional},
    title = {{Real-Time Rigid Body Simulation on GPUs}},
    url = {\url{http://http.developer.nvidia.com/GPUGems3/gpugems3\_ch29.html}},
    year = {2007}
}


@misc{microfacet,
    author = {Michael Ashikhmin and Simon Premoze and Peter Shirley},
    title = {A Microfacet-based BRDF Generator},
    year = {2000}
}


 @manual{openGL_4_1_Spec,
   organization={Khronos Group},
   title={The OpenGL Graphics System: A Specification},
   edition={Version 4.1 (Core Profile) - July 25, 2010},
   year={2010}
 }
 
 @manual{openCL_1_0_Spec,
   organization={Khronos Group},
   title={The OpenCL Specification},
   edition={Version: 1.0, Document Revision: 48 - 10/6/09},
   year={2009}
 }
 
  @manual{nvidiaOpenCLProgrammingGuide,
   organization={NVIDIA Corporation},
   title={{OpenCL Programming Guide for the CUDA Architecture}},
   edition={Version: 3.2, Document Revision: 08/16/10},
   year={2010}
 }


 @misc{ wiki:ZCurve,
   author = {Wikipedia},
   title = {{Z-order curve --- Wikipedia, The Free Encyclopedia}},
   year = {2011},
   howpublished = {\url{http://en.wikipedia.org/w/index.php?title=Z-order_curve&oldid=425544238}},
   note = {[Online; accessed 29-May-2011]}
 }
 
  @misc{tessMetro2033,
   author = {Oles Shishkovtsov and Ashu Rege and Nikolai Sakharnykh},
   title = {{DX11 Effects in Metro 2033: The Last Refuge}},
   year = {2010},
   howpublished = {\url{http://developer.download.nvidia.com/presentations/2010/gdc/metro.pdf}},
   note = {[Online; accessed 29-May-2011]}
 }
 
@article{Gingold_Monaghan_1977, 
  title={{Smoothed particle hydrodynamics: theory and application to non-spherical stars}}, 
  journal={Monthly Notices of the Royal Astronomical Society}, 
  author={Gingold, R A and Monaghan, J J},
  year={1977}, 
  pages={375--389}
}



